@article{gonzalez-martinez_cloud_2015,
	title = {Cloud computing and education: {A} state-of-the-art survey},
	volume = {80},
	issn = {03601315},
	shorttitle = {Cloud computing and education},
	url = {http://linkinghub.elsevier.com/retrieve/pii/S0360131514001985},
	doi = {10.1016/j.compedu.2014.08.017},
	language = {en},
	urldate = {2017-02-24},
	journal = {Computers \& Education},
	author = {Gonzalez-Martinez, Jose A. and Bote-Lorenzo, Miguel L. and Gomez-Sanchez, Eduardo and Cano-Parra, Rafael},
	month = jan,
	year = {2015},
	pages = {132--151}
}
@online{codeanywhere,
	title = {Codeanywhere Cross Platform Cloud IDE},
	url = {https://codeanywhere.com/},
	abstract = {Codeanywhere is a complete toolset for web development. Enabling you to edit, collaborate and run your projects from any device.},
	urldate = {2017-02-26},
	journal = {Codeanywhere}
}